<?xml version="1.0" encoding="UTF-8"?><record xmlns="http://www.loc.gov/MARC21/slim" xmlns:cinclude="http://apache.org/cocoon/include/1.0" xmlns:zs="http://www.loc.gov/zing/srw/">
  <leader>00605nz  a2200145n  4500</leader>
  <controlfield tag="001">n 2003088465</controlfield>
  <controlfield tag="003">DLC</controlfield>
  <controlfield tag="005">20030909104140.0</controlfield>
  <controlfield tag="008">030909n| acannaabn          |a ana      </controlfield>
  <datafield tag="010" ind1=" " ind2=" ">
    <subfield code="a">n 2003088465</subfield>
  </datafield>
  <datafield tag="040" ind1=" " ind2=" ">
    <subfield code="a">DLC</subfield>
    <subfield code="b">eng</subfield>
    <subfield code="c">DLC</subfield>
  </datafield>
  <datafield tag="110" ind1="2" ind2=" ">
    <subfield code="a">Firemen's Relief Fund (Lancaster, Pa.)</subfield>
  </datafield>
  <datafield tag="410" ind1="2" ind2=" ">
    <subfield code="a">Lancaster Firemen's Relief Fund (Lancaster, Pa.)</subfield>
  </datafield>
  <datafield tag="410" ind1="1" ind2=" ">
    <subfield code="a">Lancaster (Pa.).</subfield>
    <subfield code="b">Firemen's Relief Fund</subfield>
  </datafield>
  <datafield tag="670" ind1=" " ind2=" ">
    <subfield code="a">NUCMC data from Lancaster County Historical Society for Lancaster (Pa.). Bureau of Fire. Firemen's Relief Fund, 1901-1931</subfield>
    <subfield code="b">(Firemen's Relief Fund; variant: Lancaster Firemen's Relief Fund; Lancaster, Pa.)</subfield>
  </datafield>
</record>